@article{Hansen:2018pgg,
      author         = "Hansen, F. K. and Trombetti, T. and Bartolo, N. and
                        Natale, U. and Liguori, M. and Banday, A. J. and Gorski,
                        K. M.",
      title          = "{Isotropic non-Gaussian $g_\mathrm{NL}$-like toy models
                        that reproduce the Cosmic Microwave Background anomalies}",
      year           = "2018",
      eprint         = "1806.08531",
      archivePrefix  = "arXiv",
      primaryClass   = "astro-ph.CO",
      SLACcitation   = "%%CITATION = ARXIV:1806.08531;%%"
}
@article{Zibin:2008fe,
      author         = "Zibin, J. P. and Scott, Douglas",
      title          = "{Gauging the cosmic microwave background}",
      journal        = "Phys. Rev.",
      volume         = "D78",
      year           = "2008",
      pages          = "123529",
      doi            = "10.1103/PhysRevD.78.123529",
      eprint         = "0808.2047",
      archivePrefix  = "arXiv",
      primaryClass   = "astro-ph",
      SLACcitation   = "%%CITATION = ARXIV:0808.2047;%%"
}
@article{Itoh:2009vc,
      author         = "Itoh, Yousuke and Yahata, Kazuhiro and Takada, Masahiro",
      title          = "{A dipole anisotropy of galaxy distribution: Does the CMB
                        rest-frame exist in the local universe?}",
      journal        = "Phys. Rev.",
      volume         = "D82",
      year           = "2010",
      pages          = "043530",
      doi            = "10.1103/PhysRevD.82.043530",
      eprint         = "0912.1460",
      archivePrefix  = "arXiv",
      primaryClass   = "astro-ph.CO",
      SLACcitation   = "%%CITATION = ARXIV:0912.1460;%%"
}
@article{Abazajian:2016yjj,
      author         = "Abazajian, Kevork N. and others",
      title          = "{CMB-S4 Science Book, First Edition}",
      collaboration  = "CMB-S4",
      year           = "2016",
      eprint         = "1610.02743",
      archivePrefix  = "arXiv",
      primaryClass   = "astro-ph.CO",
      reportNumber   = "FERMILAB-FN-1024-A-AE",
      SLACcitation   = "%%CITATION = ARXIV:1610.02743;%%"
}
@ARTICLE{1964PhRvL..13..789S,
   author = {{Shapiro}, I.~I.},
    title = "{Fourth Test of General Relativity}",
  journal = {Physical Review Letters},
     year = 1964,
    month = dec,
   volume = 13,
    pages = {789-791},
      doi = {10.1103/PhysRevLett.13.789},
   adsurl = {http://adsabs.harvard.edu/abs/1964PhRvL..13..789S},
  adsnote = {Provided by the SAO/NASA Astrophysics Data System}
}

@article{Okamoto:2003zw,
      author         = "Okamoto, Takemi and Hu, Wayne",
      title          = "{CMB lensing reconstruction on the full sky}",
      journal        = "Phys. Rev.",
      volume         = "D67",
      year           = "2003",
      pages          = "083002",
      doi            = "10.1103/PhysRevD.67.083002",
      eprint         = "astro-ph/0301031",
      archivePrefix  = "arXiv",
      primaryClass   = "astro-ph",
      SLACcitation   = "%%CITATION = ASTRO-PH/0301031;%%"
}
@article{Hu:2001bc,
      author         = "Hu, Wayne and Dodelson, Scott",
      title          = "{Cosmic microwave background anisotropies}",
      journal        = "Ann. Rev. Astron. Astrophys.",
      volume         = "40",
      year           = "2002",
      pages          = "171-216",
      doi            = "10.1146/annurev.astro.40.060401.093926",
      eprint         = "astro-ph/0110414",
      archivePrefix  = "arXiv",
      primaryClass   = "astro-ph",
      reportNumber   = "FERMILAB-PUB-01-328-A",
      SLACcitation   = "%%CITATION = ASTRO-PH/0110414;%%"
}
@article{Hu:2001yq,
      author         = "Hu, Wayne and Cooray, Asantha",
      title          = "{Gravitational time delay effects on cosmic microwave
                        background anisotropies}",
      journal        = "Phys. Rev.",
      volume         = "D63",
      year           = "2001",
      pages          = "023504",
      doi            = "10.1103/PhysRevD.63.023504",
      eprint         = "astro-ph/0008001",
      archivePrefix  = "arXiv",
      primaryClass   = "astro-ph",
      SLACcitation   = "%%CITATION = ASTRO-PH/0008001;%%"
}
@article{Lewis:2006fu,
      author         = "Lewis, Antony and Challinor, Anthony",
      title          = "{Weak gravitational lensing of the CMB}",
      journal        = "Phys. Rept.",
      volume         = "429",
      year           = "2006",
      pages          = "1-65",
      doi            = "10.1016/j.physrep.2006.03.002",
      eprint         = "astro-ph/0601594",
      archivePrefix  = "arXiv",
      primaryClass   = "astro-ph",
      SLACcitation   = "%%CITATION = ASTRO-PH/0601594;%%"
}
@article{Ade:2013tyw,
      author         = "Ade, P. A. R. and others",
      title          = "{Planck 2013 results. XVII. Gravitational lensing by
                        large-scale structure}",
      collaboration  = "Planck",
      journal        = "Astron. Astrophys.",
      volume         = "571",
      year           = "2014",
      pages          = "A17",
      doi            = "10.1051/0004-6361/201321543",
      eprint         = "1303.5077",
      archivePrefix  = "arXiv",
      primaryClass   = "astro-ph.CO",
      reportNumber   = "CERN-PH-TH-2013-130",
      SLACcitation   = "%%CITATION = ARXIV:1303.5077;%%"
}
@article{Sherwin:2016tyf,
      author         = "Sherwin, Blake D. and others",
      title          = "{Two-season Atacama Cosmology Telescope polarimeter
                        lensing power spectrum}",
      journal        = "Phys. Rev.",
      volume         = "D95",
      year           = "2017",
      number         = "12",
      pages          = "123529",
      doi            = "10.1103/PhysRevD.95.123529",
      eprint         = "1611.09753",
      archivePrefix  = "arXiv",
      primaryClass   = "astro-ph.CO",
      SLACcitation   = "%%CITATION = ARXIV:1611.09753;%%"
}
@article{Smith:2007rg,
      author         = "Smith, Kendrick M. and Zahn, Oliver and Dore, Olivier",
      title          = "{Detection of Gravitational Lensing in the Cosmic
                        Microwave Background}",
      journal        = "Phys. Rev.",
      volume         = "D76",
      year           = "2007",
      pages          = "043510",
      doi            = "10.1103/PhysRevD.76.043510",
      eprint         = "0705.3980",
      archivePrefix  = "arXiv",
      primaryClass   = "astro-ph",
      SLACcitation   = "%%CITATION = ARXIV:0705.3980;%%"
}
@article{Story:2014hni,
      author         = "Story, K. T. and others",
      title          = "{A Measurement of the Cosmic Microwave Background
                        Gravitational Lensing Potential from 100 Square Degrees of
                        SPTpol Data}",
      collaboration  = "SPT",
      journal        = "Astrophys. J.",
      volume         = "810",
      year           = "2015",
      number         = "1",
      pages          = "50",
      doi            = "10.1088/0004-637X/810/1/50",
      eprint         = "1412.4760",
      archivePrefix  = "arXiv",
      primaryClass   = "astro-ph.CO",
      reportNumber   = "FERMILAB-PUB-14-544-AE",
      SLACcitation   = "%%CITATION = ARXIV:1412.4760;%%"
}
@article{Aghanim:2018oex,
      author         = "Aghanim, N. and others",
      title          = "{Planck 2018 results. VIII. Gravitational lensing}",
      collaboration  = "Planck",
      year           = "2018",
      eprint         = "1807.06210",
      archivePrefix  = "arXiv",
      primaryClass   = "astro-ph.CO",
      SLACcitation   = "%%CITATION = ARXIV:1807.06210;%%"
}
@article{Hu:2001tn,
      author         = "Hu, Wayne",
      title          = "{Mapping the dark matter through the cmb damping tail}",
      journal        = "Astrophys. J.",
      volume         = "557",
      year           = "2001",
      pages          = "L79-L83",
      doi            = "10.1086/323253",
      eprint         = "astro-ph/0105424",
      archivePrefix  = "arXiv",
      primaryClass   = "astro-ph",
      SLACcitation   = "%%CITATION = ASTRO-PH/0105424;%%"
}
@article{Hu:1997de,
      author         = "Hu, Wayne and White, Martin",
      title          = "{CMB anisotropies: Total angular momentum method}",
      journal        = "Phys. Rev.",
      volume         = "D56",
      year           = "1997",
      pages          = "596",
      doi            = "https://doi.org/10.1103/PhysRevD.56.596",
      eprint         = "astro-ph/9702170",
      archivePrefix  = "arXiv",
      primaryClass   = "astro-ph",
      SLACcitation   = "%%CITATION = ASTRO-PH/9702170;%%"
}
@article{Hu:2000xe,
      author         = "Hu, Wayne",
      title          = "{Weak lensing of the CMB: A harmonic approach}",
      journal        = "Phys. Rev.",
      volume         = "D62",
      year           = "2000",
      pages          = "043007",
      doi            = "https://doi.org/10.1103/PhysRevD.62.043007",
      eprint         = "astro-ph/0001303",
      archivePrefix  = "arXiv",
      primaryClass   = "astro-ph",
      SLACcitation   = "%%CITATION = ASTRO-PH/0001303;%%"
}
@article{Lewis:2017ea,
      author         = "Lewis, Antony and Hall, Alex and Challinor, Anthony",
      title          = "{Emission-angle and polarization-rotation effects in the lensed CMB}",
      journal        = "JCAP",
      volume         = "08",
      year           = "2017",
      pages          = "023",
      doi            = "https://doi.org/10.1088/1475-7516/2017/08/023",
      eprint         = "1706.02673",
      archivePrefix  = "arXiv",
      primaryClass   = "astro-ph.CO",
      SLACcitation   = "%%CITATION = ARXIV:1706.02673;%%"
}
@article{Namikawa:2014bh,
      author         = "Namikawa, Toshiya and Takahashi, Ryuichi",
      title          = "{Bias-hardened CMB lensing with polarization}",
      journal        = "MNRAS",
      volume         = "438",
      year           = "2014",
      pages          = "1507â€“1517",
      doi            = "https://doi.org/10.1093/mnras/stt2290",
      eprint         = "1209.0091",
      archivePrefix  = "arXiv",
      primaryClass   = "astro-ph.CO",
      SLACcitation   = "%%CITATION = ARXIV:1209.0091;%%"
}      
}

